@Book{Oshana2013,
  author = {Robert Oshana and Mark Kraeling},
  title	= {Software Engineering for Embedded Systems},
  year = {2013},
  Volume = {1},  
  ISBN = {978-0-12-415917-4},
  publisher = {Elsevier Inc.}
}

@Book{Gessler2014,
author = {Ralf Gessler},
title = {Entwicklung Eingebetteter Systeme},
year = {2014},
ISBN = {978-3-8348-2080-8}  ,
publisher = {Springer Vieweg}
}

@Book{Wieringa2003,
author = {Roelf Johannes Wieringa},
title = {Design methods for reactive systems},
year = {2003},
ISBN = {978-1-55860-755-2},
publisher = {Elsevier Science and Technology}
}

@Book{Starke2015,
author = {Gernot Starke},
title = {Effektive Softwarearchitekturen},
year = {2015},
Volume = {7},
ISBN = {978-3-446-44361-7},
publisher = {Carl Hanser Verlag Muenchen}
}

@Book{Walls2012,
author = {Collin Walls},
title = {Embedded Software The Works},
year = {2012},
Volume = {2},
ISBN = {978-0-12-415822-1},
publisher = {Elsevier Inc.}
}

@Book{Noergaard2005,
author = {Tammy Noergaard},
title = {Embedded Systems Architecture},
year = {2005},
ISBN = {978-0-12-382196-6},
publisher = {Elsevier Inc.}
}

@Book{Kirch2015,
author = {Ulla Kirch and Peter Prinz},
title = {C++ Lernen und Professionell anwenden},
year = {2015},
Volume = {7},
ISBN = {978-3-95845-028-8},
publisher = {mitp Verlags GmbH und Co. KG}
}

@Book{GoF2015,
author = {Erich Gamma and Richard Helm and Ralph Johnson and John Vlissides},
title = {Design Patterns: Entwurfsmuster als Elemente wiederverwendbarer objektorientierter Software},
year = {2015},
Volume = {-},
ISBN = {978-3-8266-9700-5},
publisher = {mitp Verlags GmbH und Co. KG}
}

@Book{Pohmann2013,
author = {Peter Pohmann},
title = {C++11 - Praxiswissen zum neuen Standard},
year = {2013},
Volume = {-},
ISBN = {978-3-86802-106-6},
publisher = {entwickler.press}
}


@Online{Stroustrup2016_1,
  author = {Bjarne Stroustrup},
  title = {When was C++ invented?},
  year = 2016,
  url = {http://www.stroustrup.com/bs_faq.html#invention},
  urldate = {2016-02-07}
}

@Online{Stroustrup2016_2,
  author = {Bjarne Stroustrup},
  title = {The C++ Programming Language},
  year = 2016,
  url = {http://www.stroustrup.com/C++.html#guidelines},
  urldate = {2016-02-07}
}

@Online{Ding2012,
  author = {Zuoliu Ding},
  title = {Something You May Not Know About the Switch Statement in C/C++},
  year = 2012,
  url = {http://www.codeproject.com/Articles/100473/Something-You-May-Not-Know-About-the-Switch-Statem},
  urldate = {2016-02-28}
}

@Online{CppReference2013,
  author = {cppreference},
  title = {std::map::find},
  year = 2013,
  url = {http://de.cppreference.com/w/cpp/container/map/find},
  urldate = {2016-03-13}
}

@Online{CppReference2014_vector,
  author = {cppreference},
  title = {std::vector},
  year = 2014,
  url = {http://de.cppreference.com/w/cpp/container/vector},
  urldate = {2016-03-21}
}

@Online{ElectricalKnowHow2013,
  author = {ElectricalKnowhow},
  title = {Basic Elevator Components},
  year = 2013,
  url = {http://www.electrical-knowhow.com/2012/04/basic-elevator-components-part-one.html},
  urldate = {2016-03-28}
}
